<?xml version="1.0" encoding="UTF-8"?><collection xmlns="http://www.loc.gov/MARC21/slim"><record><leader>00407nam--2200145-i-4500</leader><controlfield tag="001">000023804</controlfield><controlfield tag="002">20161230</controlfield><controlfield tag="005">20161230201035</controlfield><controlfield tag="008">060222s1000------------r-----000-0-eng-d</controlfield><datafield ind1=" " ind2=" " tag="080"><subfield code="a">512.643:519.61</subfield></datafield><datafield ind1=" " ind2=" " tag="100"><subfield code="a">Jennings, Alan</subfield></datafield><datafield ind1=" " ind2=" " tag="245"><subfield code="a">Matrix computation for engineers and scientists</subfield></datafield><datafield ind1=" " ind2=" " tag="260"><subfield code="a">Chichester, John Wiley &amp; Sons, 1977, Xv + 330p</subfield></datafield><datafield ind1=" " ind2=" " tag="852"><subfield code="a">46219</subfield><subfield code="c">512.831</subfield></datafield><datafield ind1=" " ind2=" " tag="CAT"><subfield code="a">Sys</subfield><subfield code="c">20080522</subfield><subfield code="h">131734</subfield></datafield></record></collection>